<record xmlns="http://www.loc.gov/MARC21/slim" xmlns:xsi="http://www.w3.org/2001/XMLSchema-instance" xsi:schemaLocation="http://www.loc.gov/MARC21/slim http://www.loc.gov/standards/marcxml/schema/MARC21slim.xsd"><leader>02290nam a2200409   4500</leader><controlfield tag="001">002957227</controlfield><controlfield tag="003">NNU</controlfield><controlfield tag="006">m        d        </controlfield><controlfield tag="007">cr cn |||m|||a</controlfield><controlfield tag="008">150223m19549999ua h    ob    000 0 arard</controlfield><datafield ind1=" " ind2=" " tag="040"><subfield code="a">NNU</subfield><subfield code="b">eng</subfield><subfield code="c">NNU</subfield></datafield><datafield ind1=" " ind2="4" tag="050"><subfield code="a">PJ6101</subfield><subfield code="b">.I197 1954</subfield></datafield><datafield ind1=" " ind2=" " tag="066"><subfield code="c">(3</subfield></datafield><datafield ind1=" " ind2=" " tag="090"><subfield code="a">PJ6101</subfield><subfield code="b">.I197 1954</subfield></datafield><datafield ind1="1" ind2=" " tag="100"><subfield code="6">880-01</subfield><subfield code="a">Ibn Jinn&#299;, Ab&#363; al-Fat&#7717; &#699;Uthm&#257;n,</subfield><subfield code="d">d. 1002</subfield></datafield><datafield ind1="1" ind2="0" tag="245"><subfield code="6">880-02</subfield><subfield code="a">Sirr &#7779;in&#257;&#699;at al-i&#699;r&#257;b</subfield><subfield code="h">[electronic resource] /</subfield><subfield code="c">&#7779;an&#699;at Ab&#299; al-Fat&#7717; &#699;Uthm&#257;n Ibn Jinn&#299; al-na&#7717;w&#299; il&#225; Ab&#299; Bakr &#699;Abd al-W&#257;&#7717;id ibn &#699;Irs ibn Fahd ibn A&#7717;mad al-Azd&#299; ; bi-ta&#7717;q&#299;q lajnah min al-as&#257;tidhah Mu&#7779;&#7789;af&#225; al-Saqq&#257; ... [et al.].</subfield></datafield><datafield ind1=" " ind2=" " tag="250"><subfield code="6">880-03</subfield><subfield code="a">al-&#7788;ab&#699;ah 1.</subfield></datafield><datafield ind1=" " ind2=" " tag="260"><subfield code="6">880-04</subfield><subfield code="a">Mi&#7779;r :</subfield><subfield code="b">Mu&#7779;&#7789;af&#225; al-B&#257;b&#299; al-&#7716;alab&#299;,</subfield><subfield code="c">1954-</subfield></datafield><datafield ind1=" " ind2=" " tag="300"><subfield code="a">online resource (v.)</subfield></datafield><datafield ind1=" " ind2=" " tag="500"><subfield code="a">At head of t.p. : "Wiz&#257;rat al-Ma&#699;&#257;rif al-&#699;Um&#363;m&#299;yah, Id&#257;rat I&#7717;y&#257;&#700; al-Tur&#257;th al-Qad&#299;m, Id&#257;rat al-Thaq&#257;fah al-&#699;&#256;mmah".</subfield></datafield><datafield ind1=" " ind2=" " tag="500"><subfield code="a">Part of the Arabic Collections Online (ACO) project, contributed by New York Univeristy Libraries.</subfield></datafield><datafield ind1=" " ind2=" " tag="504"><subfield code="a">Includes bibliographical references.</subfield></datafield><datafield ind1=" " ind2=" " tag="533"><subfield code="a">Electronic reproduction.</subfield><subfield code="b">New York, N.Y. :</subfield><subfield code="c">New York University,</subfield><subfield code="d">2015.</subfield><subfield code="5">NNU</subfield></datafield><datafield ind1=" " ind2="0" tag="650"><subfield code="a">Arabic language</subfield><subfield code="x">Parsing</subfield><subfield code="v">Early works to 1800.</subfield></datafield><datafield ind1=" " ind2="0" tag="650"><subfield code="a">Arabic language</subfield><subfield code="x">Grammar.</subfield></datafield><datafield ind1="1" ind2=" " tag="700"><subfield code="6">880-05</subfield><subfield code="a">Saqq&#257;, Mu&#7779;&#7789;af&#225;</subfield></datafield><datafield ind1="2" ind2=" " tag="710"><subfield code="a">New York University.</subfield><subfield code="b">Libraries.</subfield></datafield><datafield ind1="0" ind2=" " tag="730"><subfield code="a">Arabic Collections Online.</subfield></datafield><datafield ind1="0" ind2="8" tag="776"><subfield code="i">Print version:</subfield><subfield code="a">Ibn Jinn&#299;, Ab&#363; al-Fat&#7717; &#699;Uthm&#257;n, d. 1002 880-01</subfield><subfield code="t">Sirr &#7779;in&#257;&#699;at al-i&#699;r&#257;b</subfield><subfield code="w">(NNU)002957227</subfield></datafield><datafield ind1="4" ind2="0" tag="856"><subfield code="u">http://hdl.handle.net/2333.1/1vhhmjzj</subfield></datafield><datafield ind1="1" ind2=" " tag="880"><subfield code="6">100-01/</subfield><subfield code="a">&#1575;&#1576;&#1606; &#1580;&#1606;&#1610;&#1548; &#1571;&#1576;&#1608; &#1575;&#1604;&#1601;&#1578;&#1581; &#1593;&#1579;&#1605;&#1575;&#1606;.</subfield></datafield><datafield ind1="1" ind2="0" tag="880"><subfield code="6">245-02/</subfield><subfield code="a">&#1587;&#1585; &#1589;&#1606;&#1575;&#1593;&#1577; &#1575;&#1604;&#1573;&#1593;&#1585;&#1575;&#1576; /</subfield><subfield code="c">&#1589;&#1606;&#1593;&#1577; &#1571;&#1576;&#1610; &#1575;&#1604;&#1601;&#1578;&#1581; &#1593;&#1579;&#1605;&#1575;&#1606; &#1576;&#1606; &#1580;&#1606;&#1610; &#1575;&#1604;&#1606;&#1581;&#1608;&#1610; &#1575;&#1604;&#1609; &#1571;&#1576;&#1610; &#1576;&#1603;&#1585; &#1593;&#1576;&#1583; &#1575;&#1604;&#1608;&#1575;&#1581;&#1583; &#1576;&#1606; &#1593;&#1585;&#1587; &#1576;&#1606; &#1601;&#1607;&#1583; &#1576;&#1606; &#1571;&#1581;&#1605;&#1583; &#1575;&#1604;&#1571;&#1586;&#1583;&#1610; &#1563; &#1576;&#1578;&#1581;&#1602;&#1610;&#1602; &#1604;&#1580;&#1606;&#1577; &#1605;&#1606; &#1575;&#1604;&#1571;&#1587;&#1575;&#1578;&#1584;&#1577; &#1605;&#1589;&#1591;&#1601;&#1609; &#1575;&#1604;&#1587;&#1602;&#1575; ... [&#1608;&#1570;&#1582;&#1585;&#1610;&#1606;]</subfield></datafield><datafield ind1=" " ind2=" " tag="880"><subfield code="6">250-03/</subfield><subfield code="a">&#1575;&#1604;&#1591;&#1576;&#1593;&#1577; 1.</subfield></datafield><datafield ind1=" " ind2=" " tag="880"><subfield code="6">260-04/</subfield><subfield code="a">&#1605;&#1589;&#1585; :</subfield><subfield code="b">&#1605;&#1589;&#1591;&#1601;&#1609; &#1575;&#1604;&#1576;&#1575;&#1576;&#1610; &#1575;&#1604;&#1581;&#1604;&#1576;&#1610;&#1548;</subfield><subfield code="c">1954-</subfield></datafield><datafield ind1="1" ind2=" " tag="880"><subfield code="6">700-05/</subfield><subfield code="a">&#1587;&#1602;&#1575;&#1548; &#1605;&#1589;&#1591;&#1601;&#1609;.</subfield></datafield><datafield ind1=" " ind2=" " tag="959"><subfield code="a">NNU</subfield><subfield code="b">WEB</subfield><subfield code="c">GENI</subfield><subfield code="t">0</subfield><subfield code="m">Electronic access</subfield><subfield code="s">01</subfield></datafield><datafield ind1=" " ind2=" " tag="999"><subfield code="i">NNU_002957227</subfield><subfield code="s">nyu_aco000009:v.1</subfield></datafield></record>